% Encoding: UTF-8

@Book{RubinD1987,
  title         = {Multiple Imputation for Nonresponse in Surveys},
  publisher     = {John Wiley and Sons},
  year          = {1987},
  author        = {Rubin, Donald B},
  address       = {New York},
  date-added    = {2010-02-25 12:13:03 +0100},
  date-modified = {2010-05-02 19:43:12 +0200},
  keywords      = {Multiple, imputation, MI, rubin},
}

@Article{rubin1976inference,
  author    = {Rubin, Donald B},
  journal   = {Biometrika},
  title     = {Inference and missing data},
  year      = {1976},
  number    = {3},
  pages     = {581--592},
  volume    = {63},
  publisher = {Oxford University Press},
}

@Book{little2019statistical,
  author    = {Little, Roderick JA and Rubin, Donald B},
  publisher = {John Wiley \& Sons},
  title     = {Statistical analysis with missing data},
  year      = {2019},
  volume    = {793},
}

@Article{ibrahim2012missing,
  author    = {Ibrahim, Joseph G and Chu, Haitao and Chen, Ming-Hui},
  journal   = {Journal of clinical oncology},
  title     = {Missing data in clinical studies: issues and methods},
  year      = {2012},
  number    = {26},
  pages     = {3297},
  volume    = {30},
  publisher = {American Society of Clinical Oncology},
}

@Article{horvitz1952generalization,
  author    = {Horvitz, Daniel G and Thompson, Donovan J},
  journal   = {Journal of the American statistical Association},
  title     = {A generalization of sampling without replacement from a finite universe},
  year      = {1952},
  number    = {260},
  pages     = {663--685},
  volume    = {47},
  publisher = {Taylor \& Francis},
}

@Article{longford2001multilevel,
  author    = {Longford, NT},
  journal   = {Statistical Methods in Medical Research},
  title     = {Multilevel analysis with messy data},
  year      = {2001},
  number    = {6},
  pages     = {429--444},
  volume    = {10},
  publisher = {Sage Publications Sage CA: Thousand Oaks, CA},
}

@Article{twisk2002attrition,
  author    = {Twisk, Jos and de Vente, Wieke},
  journal   = {Journal of clinical epidemiology},
  title     = {Attrition in longitudinal studies: how to deal with missing data},
  year      = {2002},
  number    = {4},
  pages     = {329--337},
  volume    = {55},
  publisher = {Elsevier},
}

@Article{demirtas2004modeling,
  author  = {Demirtas, Hakan},
  journal = {Journal of Modern Applied Statistical Methods},
  title   = {Modeling incomplete longitudinal data},
  year    = {2004},
  number  = {2},
  pages   = {5},
  volume  = {3},
}

@Article{olinsky2003comparative,
  author    = {Olinsky, Alan and Chen, Shaw and Harlow, Lisa},
  journal   = {European Journal of Operational Research},
  title     = {The comparative efficacy of imputation methods for missing data in structural equation modeling},
  year      = {2003},
  number    = {1},
  pages     = {53--79},
  volume    = {151},
  publisher = {Elsevier},
}

@Article{allison2003missing,
  author    = {Allison, Paul D},
  journal   = {Journal of abnormal psychology},
  title     = {Missing data techniques for structural equation modeling.},
  year      = {2003},
  number    = {4},
  pages     = {545},
  volume    = {112},
  publisher = {American Psychological Association},
}

@Article{Buuren2011,
  author    = {Stef van Buuren and Karin Groothuis-Oudshoorn},
  journal   = {Journal of Statistical Software},
  title     = {mice: Multivariate Imputation by Chained Equations {inR}},
  year      = {2011},
  number    = {3},
  volume    = {45},
  publisher = {Foundation for Open Access Statistic},
}

@Article{mueller2008injuries,
  author    = {Mueller, Beth A and Cummings, Peter and Rivara, Frederick P and Brooks, M Alison and Terasaki, Rodney D},
  journal   = {Epidemiology},
  title     = {Injuries of the head, face, and neck in relation to ski helmet use},
  year      = {2008},
  pages     = {270--276},
  publisher = {JSTOR},
}

@Article{tanasoiu2008determinants,
  author    = {Tanasoiu, Cosmina and Colonescu, Constantin},
  journal   = {European Union Politics},
  title     = {Determinants of support for European integration: The case of Bulgaria},
  year      = {2008},
  number    = {3},
  pages     = {363--377},
  volume    = {9},
  publisher = {SAGE Publications Sage UK: London, England},
}

@Article{souverein2006multiple,
  author    = {Souverein, Olga W and Zwinderman, Aeilko H and Tanck, Michael WT},
  journal   = {Annals of human genetics},
  title     = {Multiple imputation of missing genotype data for unrelated individuals},
  year      = {2006},
  number    = {3},
  pages     = {372--381},
  volume    = {70},
  publisher = {Wiley Online Library},
}

@Article{sundell2008transportability,
  author    = {Sundell, Knut and Hansson, Kjell and L{\"o}fholm, Cecilia Andr{\'e}e and Olsson, Tina and Gustle, Lars-Henry and Kadesj{\"o}, Christina},
  journal   = {Journal of Family Psychology},
  title     = {The transportability of multisystemic therapy to Sweden: short-term results from a randomized trial of conduct-disordered youths.},
  year      = {2008},
  number    = {4},
  pages     = {550},
  volume    = {22},
  publisher = {American Psychological Association},
}

@Article{finke2008cross,
  author    = {Finke, Roger and Adamczyk, Amy},
  journal   = {Sociological Quarterly},
  title     = {Cross-national moral beliefs: The influence of national religious context},
  year      = {2008},
  number    = {4},
  pages     = {617--652},
  volume    = {49},
  publisher = {Wiley Online Library},
}

@Article{azur2011multiple,
  author    = {Azur, Melissa J and Stuart, Elizabeth A and Frangakis, Constantine and Leaf, Philip J},
  journal   = {International journal of methods in psychiatric research},
  title     = {Multiple imputation by chained equations: what is it and how does it work?},
  year      = {2011},
  number    = {1},
  pages     = {40--49},
  volume    = {20},
  publisher = {Wiley Online Library},
}

@Book{schafer1997analysis,
  author    = {Schafer, Joseph L},
  publisher = {CRC press},
  title     = {Analysis of incomplete multivariate data},
  year      = {1997},
}

@Article{oberman2020missing,
  author = {Oberman, Hanne I and van Buuren, Stef and Vink, Gerko},
  title  = {Missing the point: Non-convergence in iterative imputation algorithms},
  year   = {2020},
}

@Article{van2007multiple,
  author    = {Van Buuren, Stef},
  journal   = {Statistical methods in medical research},
  title     = {Multiple imputation of discrete and continuous data by fully conditional specification},
  year      = {2007},
  number    = {3},
  pages     = {219--242},
  volume    = {16},
  publisher = {Sage Publications Sage UK: London, England},
}

@Article{seaman2012multiple,
  author    = {Seaman, Shaun R and Bartlett, Jonathan W and White, Ian R},
  journal   = {BMC medical research methodology},
  title     = {Multiple imputation of missing covariates with non-linear effects and interactions: an evaluation of statistical methods},
  year      = {2012},
  number    = {1},
  pages     = {1--13},
  volume    = {12},
  publisher = {Springer},
}

@Article{bartlett2015multiple,
  author    = {Bartlett, Jonathan W and Seaman, Shaun R and White, Ian R and Carpenter, James R and Alzheimer's Disease Neuroimaging Initiative*},
  journal   = {Statistical methods in medical research},
  title     = {Multiple imputation of covariates by fully conditional specification: accommodating the substantive model},
  year      = {2015},
  number    = {4},
  pages     = {462--487},
  volume    = {24},
  publisher = {Sage Publications Sage UK: London, England},
}

@Article{little1988missing,
  author    = {Little, Roderick JA},
  journal   = {Journal of Business \& Economic Statistics},
  title     = {Missing-data adjustments in large surveys},
  year      = {1988},
  number    = {3},
  pages     = {287--296},
  volume    = {6},
  publisher = {Taylor \& Francis},
}

@Article{meng1994multiple,
  author    = {Meng, Xiao-Li},
  journal   = {Statistical Science},
  title     = {Multiple-imputation inferences with uncongenial sources of input},
  year      = {1994},
  pages     = {538--558},
  publisher = {JSTOR},
}

@Book{brand1999development,
  author = {Brand, Jaap},
  title  = {Development, implementation and evaluation of multiple imputation strategies for the statistical analysis of incomplete data sets},
  year   = {1999},
}

@Article{van1999multiple,
  author    = {Van Buuren, Stef and Boshuizen, Hendriek C and Knook, Dick L},
  journal   = {Statistics in medicine},
  title     = {Multiple imputation of missing blood pressure covariates in survival analysis},
  year      = {1999},
  number    = {6},
  pages     = {681--694},
  volume    = {18},
  publisher = {Wiley Online Library},
}

@Article{royston2004multiple,
  author    = {Royston, Patrick},
  journal   = {The Stata Journal},
  title     = {Multiple imputation of missing values},
  year      = {2004},
  number    = {3},
  pages     = {227--241},
  volume    = {4},
  publisher = {SAGE Publications Sage CA: Los Angeles, CA},
}

@Article{graham2007many,
  author    = {Graham, John W and Olchowski, Allison E and Gilreath, Tamika D},
  journal   = {Prevention science},
  title     = {How many imputations are really needed? Some practical clarifications of multiple imputation theory},
  year      = {2007},
  number    = {3},
  pages     = {206--213},
  volume    = {8},
  publisher = {Springer},
}

@Article{bodner2008improves,
  author    = {Bodner, Todd E},
  journal   = {Structural Equation Modeling: A Multidisciplinary Journal},
  title     = {What improves with increased missing data imputations?},
  year      = {2008},
  number    = {4},
  pages     = {651--675},
  volume    = {15},
  publisher = {Taylor \& Francis},
}

@Article{white2011multiple,
  author    = {White, Ian R and Royston, Patrick and Wood, Angela M},
  journal   = {Statistics in medicine},
  title     = {Multiple imputation using chained equations: issues and guidance for practice},
  year      = {2011},
  number    = {4},
  pages     = {377--399},
  volume    = {30},
  publisher = {Wiley Online Library},
}

@Article{schafer1998multiple,
  author    = {Schafer, Joseph L and Olsen, Maren K},
  journal   = {Multivariate behavioral research},
  title     = {Multiple imputation for multivariate missing-data problems: A data analyst's perspective},
  year      = {1998},
  number    = {4},
  pages     = {545--571},
  volume    = {33},
  publisher = {Taylor \& Francis},
}

@Book{imbens2015causal,
  author    = {Imbens, Guido W and Rubin, Donald B},
  publisher = {Cambridge University Press},
  title     = {Causal inference in statistics, social, and biomedical sciences},
  year      = {2015},
}

@Article{Heitjan1991,
  author    = {Daniel F. Heitjan and Roderick J. A. Little},
  journal   = {Applied Statistics},
  title     = {Multiple Imputation for the Fatal Accident Reporting System},
  year      = {1991},
  number    = {1},
  pages     = {13},
  volume    = {40},
  doi       = {10.2307/2347902},
  publisher = {{JSTOR}},
}

@Article{Morris2014,
  author    = {Tim P Morris and Ian R White and Patrick Royston},
  journal   = {{BMC} Medical Research Methodology},
  title     = {Tuning multiple imputation by predictive mean matching and local residual draws},
  year      = {2014},
  month     = {jun},
  number    = {1},
  volume    = {14},
  doi       = {10.1186/1471-2288-14-75},
  publisher = {Springer Nature},
}

@Article{Vink2014,
  author    = {Gerko Vink and Laurence E. Frank and Jeroen Pannekoek and Stef van Buuren},
  journal   = {Statistica Neerlandica},
  title     = {Predictive mean matching imputation of semicontinuous variables},
  year      = {2014},
  month     = {jan},
  number    = {1},
  pages     = {61--90},
  volume    = {68},
  doi       = {10.1111/stan.12023},
  publisher = {Wiley},
}

@Book{Buuren2018,
  title     = {Flexible Imputation of Missing Data, Second Edition},
  publisher = {Chapman and Hall/{CRC}},
  year      = {2018},
  author    = {Stef van Buuren},
}

@Article{white2010avoiding,
  author    = {White, Ian R and Daniel, Rhian and Royston, Patrick},
  title     = {Avoiding bias due to perfect prediction in multiple imputation of incomplete categorical variables},
  journal   = {Computational statistics \& data analysis},
  year      = {2010},
  volume    = {54},
  number    = {10},
  pages     = {2267--2275},
  publisher = {Elsevier},
}

@Article{vonhippe2009,
  author        = {Von Hippel, P.T.},
  title         = {How to Impute Interactions, Squares, and Other Transformed Variables},
  journal       = {Sociological Methodology},
  year          = {2009},
  volume        = {39},
  number        = {1},
  pages         = {265--291},
  date-added    = {2010-03-12 12:49:02 +0100},
  date-modified = {2010-05-02 19:03:39 +0200},
  keywords      = {imputation, squares, interactions multiple imputation},
  publisher     = {Blackwell Publishing Inc},
}

@Article{Vink2013,
  author    = {Gerko Vink and Stef van Buuren},
  title     = {Multiple Imputation of Squared Terms},
  journal   = {Sociological Methods {\&} Research},
  year      = {2013},
  volume    = {42},
  number    = {4},
  pages     = {598--607},
  publisher = {{SAGE} Publications},
}

@Article{Schouten2018,
  author    = {Rianne Margaretha Schouten and Peter Lugtig and Gerko Vink},
  title     = {Generating missing values for simulation purposes: a multivariate amputation procedure},
  journal   = {Journal of Statistical Computation and Simulation},
  year      = {2018},
  volume    = {88},
  number    = {15},
  pages     = {2909--2930},
  publisher = {Informa {UK} Limited},
}

@Article{rubin1986statistical,
  author    = {Rubin, Donald B},
  journal   = {Journal of Business \& Economic Statistics},
  title     = {Statistical matching using file concatenation with adjusted weights and multiple imputations},
  year      = {1986},
  number    = {1},
  pages     = {87--94},
  volume    = {4},
  publisher = {Taylor \& Francis},
}

@Article{robins2000inference,
  author    = {Robins, James M and Wang, Naisyin},
  title     = {Inference for imputation estimators},
  journal   = {Biometrika},
  year      = {2000},
  volume    = {87},
  number    = {1},
  pages     = {113--124},
  publisher = {Oxford University Press},
}

@Article{neyman1934two,
  author  = {Neyman, Jerzy},
  title   = {On the two different aspects of the representative method: the method of stratified sampling and the method of purposive selection},
  journal = {Journal of the Royal Statistical Society},
  year    = {1934},
  volume  = {97},
  number  = {4},
  pages   = {558--625},
}

@Article{abayomi2008diagnostics,
  author    = {Abayomi, Kobi and Gelman, Andrew and Levy, Marc},
  journal   = {Journal of the Royal Statistical Society: Series C (Applied Statistics)},
  title     = {Diagnostics for multivariate imputations},
  year      = {2008},
  number    = {3},
  pages     = {273--291},
  volume    = {57},
  publisher = {Wiley Online Library},
}

@Article{bondarenko2016graphical,
  author    = {Bondarenko, Irina and Raghunathan, Trivellore},
  journal   = {Statistics in medicine},
  title     = {Graphical and numerical diagnostic tools to assess suitability of multiple imputations and imputation models},
  year      = {2016},
  number    = {17},
  pages     = {3007--3020},
  volume    = {35},
  publisher = {Wiley Online Library},
}

@Book{de2011handbook,
  author    = {De Waal, Ton and Pannekoek, Jeroen and Scholtus, Sander},
  publisher = {John Wiley \& Sons},
  title     = {Handbook of statistical data editing and imputation},
  year      = {2011},
  volume    = {563},
}

@Article{gelman2005multiple,
  author    = {Gelman, Andrew and Van Mechelen, Iven and Verbeke, Geert and Heitjan, Daniel F and Meulders, Michel},
  journal   = {Biometrics},
  title     = {Multiple imputation for model checking: completed-data plots with missing and latent data},
  year      = {2005},
  number    = {1},
  pages     = {74--85},
  volume    = {61},
  publisher = {Wiley Online Library},
}

@Article{gelman1998not,
  author    = {Gelman, Andrew and King, Gary and Liu, Chuanhai},
  journal   = {Journal of the American Statistical Association},
  title     = {Not asked and not answered: Multiple imputation for multiple surveys},
  year      = {1998},
  number    = {443},
  pages     = {846--857},
  volume    = {93},
  publisher = {Taylor \& Francis Group},
}

@Book{gelman2013bayesian,
  author    = {Gelman, Andrew and Carlin, John B and Stern, Hal S and Dunson, David B and Vehtari, Aki and Rubin, Donald B},
  publisher = {CRC press},
  title     = {Bayesian data analysis},
  year      = {2013},
}

@Article{he2012diagnosing,
  author    = {He, Yulei and Zaslavsky, Alan M},
  journal   = {Statistics in medicine},
  title     = {Diagnosing imputation models by applying target analyses to posterior replicates of completed data},
  year      = {2012},
  number    = {1},
  pages     = {1--18},
  volume    = {31},
  publisher = {Wiley Online Library},
}

@Article{heeringa2001multivariate,
  author = {Heeringa, Steven G},
  title  = {Multivariate imputation of coarsened survey data on household wealth.},
  year   = {2001},
}

@Article{hoogland2020handling,
  author    = {Hoogland, Jeroen and van Barreveld, Marit and Debray, Thomas PA and Reitsma, Johannes B and Verstraelen, Tom E and Dijkgraaf, Marcel GW and Zwinderman, Aeilko H},
  journal   = {Statistics in medicine},
  title     = {Handling missing predictor values when validating and applying a prediction model to new patients},
  year      = {2020},
  number    = {25},
  pages     = {3591--3607},
  volume    = {39},
  publisher = {Wiley Online Library},
}

@Article{krul2011self,
  author    = {Krul, Arno J and Daanen, Hein AM and Choi, Hyegjoo},
  journal   = {The European Journal of Public Health},
  title     = {Self-reported and measured weight, height and body mass index (BMI) in Italy, the Netherlands and North America},
  year      = {2011},
  number    = {4},
  pages     = {414--419},
  volume    = {21},
  publisher = {Oxford University Press},
}

@Article{nguyen2017model,
  author    = {Nguyen, Cattram D and Carlin, John B and Lee, Katherine J},
  journal   = {Emerging themes in epidemiology},
  title     = {Model checking in multiple imputation: an overview and case study},
  year      = {2017},
  number    = {1},
  pages     = {8},
  volume    = {14},
  publisher = {Springer},
}

@Article{nguyen2015posterior,
  author    = {Nguyen, Cattram D and Lee, Katherine J and Carlin, John B},
  journal   = {Biometrical Journal},
  title     = {Posterior predictive checking of multiple imputation models},
  year      = {2015},
  number    = {4},
  pages     = {676--694},
  volume    = {57},
  publisher = {Wiley Online Library},
}

@Article{siddique2008multiple,
  author    = {Siddique, Juned and Belin, Thomas R},
  journal   = {Statistics in medicine},
  title     = {Multiple imputation using an iterative hot-deck with distance-based donor selection},
  year      = {2008},
  number    = {1},
  pages     = {83--102},
  volume    = {27},
  publisher = {Wiley Online Library},
}

@Article{su2011multiple,
  author = {Su, Yu-Sung and Gelman, Andrew E and Hill, Jennifer and Yajima, Masanao},
  title  = {Multiple imputation with diagnostics (mi) in R: Opening windows into the black box},
  year   = {2011},
}

@Article{yu2007evaluation,
  author    = {Yu, L-M and Burton, Andrea and Rivero-Arias, Oliver},
  journal   = {Statistical Methods in Medical Research},
  title     = {Evaluation of software for multiple imputation of semi-continuous data},
  year      = {2007},
  number    = {3},
  pages     = {243--258},
  volume    = {16},
  publisher = {Sage Publications Sage UK: London, England},
}

@Article{goldstein2014fitting,
  author    = {Goldstein, Harvey and Carpenter, James R and Browne, William J},
  title     = {Fitting multilevel multivariate models with missing data in responses and covariates that may include interactions and non-linear terms},
  journal   = {Journal of the Royal Statistical Society: Series A (Statistics in Society)},
  year      = {2014},
  volume    = {177},
  number    = {2},
  pages     = {553--564},
  publisher = {Wiley Online Library},
}
@Article{schafer1999multiple,
  author    = {Schafer, Joseph L},
  journal   = {Statistical methods in medical research},
  title     = {Multiple imputation: a primer},
  year      = {1999},
  number    = {1},
  pages     = {3--15},
  volume    = {8},
  publisher = {Sage Publications Sage CA: Thousand Oaks, CA},
}@Article{sinharay2001use,
  author    = {Sinharay, Sandip and Stern, Hal S and Russell, Daniel},
  journal   = {Psychological methods},
  title     = {The use of multiple imputation for the analysis of missing data.},
  year      = {2001},
  number    = {4},
  pages     = {317},
  volume    = {6},
  publisher = {American Psychological Association},
}@Book{allison2001missing,
  author    = {Allison, Paul D},
  publisher = {Sage publications},
  title     = {Missing data},
  year      = {2001},
}@Article{schafer2002missing,
  author    = {Schafer, Joseph L and Graham, John W},
  journal   = {Psychological methods},
  title     = {Missing data: our view of the state of the art.},
  year      = {2002},
  number    = {2},
  pages     = {147},
  volume    = {7},
  publisher = {American Psychological Association},
}
@Article{pigott2001missing,
  author    = {Pigott, Therese D},
  journal   = {Evaluation \& the Health Professions},
  title     = {Missing predictors in models of effect size},
  year      = {2001},
  number    = {3},
  pages     = {277--307},
  volume    = {24},
  publisher = {Sage Publications Sage CA: Thousand Oaks, CA},
}

@Article{schafer2003multiple,
  author    = {Schafer, Joseph L},
  journal   = {Statistica neerlandica},
  title     = {Multiple imputation in multivariate problems when the imputation and analysis models differ},
  year      = {2003},
  number    = {1},
  pages     = {19--35},
  volume    = {57},
  publisher = {Wiley Online Library},
}

@Article{seaman2013review,
  author    = {Seaman, Shaun R and White, Ian R},
  journal   = {Statistical methods in medical research},
  title     = {Review of inverse probability weighting for dealing with missing data},
  year      = {2013},
  number    = {3},
  pages     = {278--295},
  volume    = {22},
  publisher = {Sage Publications Sage UK: London, England},
}

@Article{ibrahim2005missing,
  author    = {Ibrahim, Joseph G and Chen, Ming-Hui and Lipsitz, Stuart R and Herring, Amy H},
  journal   = {Journal of the American Statistical Association},
  title     = {Missing-data methods for generalized linear models: A comparative review},
  year      = {2005},
  number    = {469},
  pages     = {332--346},
  volume    = {100},
  publisher = {Taylor \& Francis},
}

@Book{Israels1987,
  title     = {Eigenvalue techniques for qualitative data (M \& T series)},
  publisher = {DSWO Press},
  year      = {1987},
  author    = {A. Z Israels},
  isbn      = {90-6695-020-X},
}

@Article{izenman1975reduced,
  author    = {Izenman, Alan Julian},
  journal   = {Journal of multivariate analysis},
  title     = {Reduced-rank regression for the multivariate linear model},
  year      = {1975},
  number    = {2},
  pages     = {248--264},
  volume    = {5},
  publisher = {Elsevier},
}

@InProceedings{sun2009equivalence,
  author    = {Sun, Liang and Ji, Shuiwang and Yu, Shipeng and Ye, Jieping},
  booktitle = {IJCAI},
  title     = {On the Equivalence between Canonical Correlation Analysis and Orthonormalized Partial Least Squares.},
  year      = {2009},
  pages     = {1230--1235},
  volume    = {9},
}

@Article{McDonald1968,
  author    = {Roderick P. McDonald},
  title     = {A unified treatment of the weighting problem},
  journal   = {Psychometrika},
  year      = {1968},
  volume    = {33},
  number    = {3},
  pages     = {351--381},
  month     = {sep},
  doi       = {10.1007/bf02289330},
  publisher = {Springer Nature},
}

@Book{JamesR.Carpenter2013,
  author    = {James R. Carpenter, Michael Kenward},
  publisher = {John Wiley \& Sons},
  title     = {Multiple Imputation and Its Application},
  year      = {2013},
  isbn      = {0470740523},
  month     = feb,
  ean       = {9780470740521},
  pagetotal = {368},
}

@Book{rencher2003methods,
  title     = {Methods of multivariate analysis},
  publisher = {John Wiley \& Sons},
  year      = {2003},
  author    = {Rencher, Alvin C},
  volume    = {492},
}

@Article{van1977redundancy,
  author    = {Van Den Wollenberg, Arnold L},
  title     = {Redundancy analysis an alternative for canonical correlation analysis},
  journal   = {Psychometrika},
  year      = {1977},
  volume    = {42},
  number    = {2},
  pages     = {207--219},
  publisher = {Springer},
}

@Manual{R2018,
  title        = {R: A Language and Environment for Statistical Computing},
  address      = {Vienna, Austria},
  author       = {{R Core Team}},
  organization = {R Foundation for Statistical Computing},
  year         = {2021},
  url          = {https://www.R-project.org/},
}

@Article{Jong2014,
  author    = {Roel de Jong and Stef van Buuren and Martin Spiess},
  title     = {Multiple Imputation of Predictor Variables Using Generalized Additive Models},
  journal   = {Communications in Statistics - Simulation and Computation},
  year      = {2014},
  volume    = {45},
  number    = {3},
  pages     = {968--985},
  month     = {jul},
  doi       = {10.1080/03610918.2014.911894},
  publisher = {Informa {UK} Limited},
}

@Article{poulson2012treatment,
  author    = {Poulson, Robert S and Gadbury, Gary L and Allison, David B},
  title     = {Treatment heterogeneity and individual qualitative interaction},
  journal   = {The American Statistician},
  year      = {2012},
  volume    = {66},
  number    = {1},
  pages     = {16--24},
  publisher = {Taylor \& Francis},
}

@Article{zhang2013assessing,
  author    = {Zhang, Zhiwei and Wang, Chenguang and Nie, Lei and Soon, Guoxing},
  title     = {Assessing the heterogeneity of treatment effects via potential outcomes of individual patients},
  journal   = {Journal of the Royal Statistical Society: Series C (Applied Statistics)},
  year      = {2013},
  volume    = {62},
  number    = {5},
  pages     = {687--704},
  publisher = {Wiley Online Library},
}

@Article{ding2016randomization,
  author    = {Ding, Peng and Feller, Avi and Miratrix, Luke},
  title     = {Randomization inference for treatment effect variation},
  journal   = {Journal of the Royal Statistical Society: Series B (Statistical Methodology)},
  year      = {2016},
  volume    = {78},
  number    = {3},
  pages     = {655--671},
  publisher = {Wiley Online Library},
}

@Article{heckman1997making,
  author    = {Heckman, James J and Smith, Jeffrey and Clements, Nancy},
  title     = {Making the most out of programme evaluations and social experiments: Accounting for heterogeneity in programme impacts},
  journal   = {The Review of Economic Studies},
  year      = {1997},
  volume    = {64},
  number    = {4},
  pages     = {487--535},
  publisher = {Wiley-Blackwell},
}

@Article{ding2018causal,
  author    = {Ding, Peng and Li, Fan and others},
  title     = {Causal inference: A missing data perspective},
  journal   = {Statistical Science},
  year      = {2018},
  volume    = {33},
  number    = {2},
  pages     = {214--237},
  publisher = {Institute of Mathematical Statistics},
}

@Article{rubin1974estimating,
  author    = {Rubin, Donald B},
  title     = {Estimating causal effects of treatments in randomized and nonrandomized studies.},
  journal   = {Journal of educational Psychology},
  year      = {1974},
  volume    = {66},
  number    = {5},
  pages     = {688},
  publisher = {American Psychological Association},
}

@Book{hernan2010causal,
  title     = {Causal inference},
  publisher = {CRC Boca Raton, FL},
  year      = {2010},
  author    = {Hernan, Miguel A and Robins, James M},
}

@Article{rubin2005causal,
  author    = {Rubin, Donald B},
  journal   = {Journal of the American Statistical Association},
  title     = {Causal inference using potential outcomes: Design, modeling, decisions},
  year      = {2005},
  number    = {469},
  pages     = {322--331},
  volume    = {100},
  publisher = {Taylor \& Francis},
}

@Article{lamont2018identification,
  author    = {Lamont, Andrea and Lyons, Michael D and Jaki, Thomas and Stuart, Elizabeth and Feaster, Daniel J and Tharmaratnam, Kukatharmini and Oberski, Daniel and Ishwaran, Hemant and Wilson, Dawn K and Van Horn, M Lee},
  title     = {Identification of predicted individual treatment effects in randomized clinical trials},
  journal   = {Statistical methods in medical research},
  year      = {2018},
  volume    = {27},
  number    = {1},
  pages     = {142--157},
  publisher = {SAGE Publications Sage UK: London, England},
}

@Article{westreich2015imputation,
  author    = {Westreich, Daniel and Edwards, Jessie K and Cole, Stephen R and Platt, Robert W and Mumford, Sunni L and Schisterman, Enrique F},
  title     = {Imputation approaches for potential outcomes in causal inference},
  journal   = {International journal of epidemiology},
  year      = {2015},
  volume    = {44},
  number    = {5},
  pages     = {1731--1737},
  publisher = {Oxford University Press},
}

@Book{rassler2012statistical,
  title     = {Statistical matching: A frequentist theory, practical applications, and alternative Bayesian approaches},
  publisher = {Springer Science \& Business Media},
  year      = {2012},
  author    = {R{\"a}ssler, Susanne},
  volume    = {168},
}

@Article{gadbury2001evaluating,
  author    = {Gadbury, Gary L and Iyer, Hari K and Allison, David B},
  title     = {Evaluating subject-treatment interaction when comparing two treatments},
  journal   = {Journal of Biopharmaceutical Statistics},
  year      = {2001},
  volume    = {11},
  number    = {4},
  pages     = {313--333},
  publisher = {Taylor \& Francis},
}

@MastersThesis{smink2016towards,
  author = {Smink, WAC},
  title  = {Towards estimation of individual causal effects: The use of a prior for the correlation between potential outcomes},
  year   = {2016},
}

@Article{ding2019decomposing,
  author    = {Ding, Peng and Feller, Avi and Miratrix, Luke},
  title     = {Decomposing treatment effect variation},
  journal   = {Journal of the American Statistical Association},
  year      = {2019},
  volume    = {114},
  number    = {525},
  pages     = {304--317},
  publisher = {Taylor \& Francis},
}

@Article{djebbari2008heterogeneous,
  author    = {Djebbari, Habiba and Smith, Jeffrey},
  title     = {Heterogeneous impacts in PROGRESA},
  journal   = {Journal of Econometrics},
  year      = {2008},
  volume    = {145},
  number    = {1-2},
  pages     = {64--80},
  publisher = {Elsevier},
}

@Article{heckman2005scientific,
  author    = {Heckman, James J},
  title     = {The scientific model of causality},
  journal   = {Sociological methodology},
  year      = {2005},
  volume    = {35},
  number    = {1},
  pages     = {1--97},
  publisher = {Wiley Online Library},
}

@Article{heckman2010effects,
  author  = {Heckman, James J and Humphries, John Eric and Urzua, Sergio and Veramendi, Gregory},
  title   = {The effects of schooling on labor market and health outcomes},
  journal = {Unpublished Manuscript. University of Chicago, Department of Economics},
  year    = {2010},
}

@Article{shamseer2015consort,
  author    = {Shamseer, Larissa and Sampson, Margaret and Bukutu, Cecilia and Schmid, Christopher H and Nikles, Jane and Tate, Robyn and Johnston, Bradley C and Zucker, Deborah and Shadish, William R and Kravitz, Richard and others},
  title     = {CONSORT extension for reporting N-of-1 trials (CENT) 2015: Explanation and elaboration},
  journal   = {Bmj},
  year      = {2015},
  volume    = {350},
  pages     = {h1793},
  publisher = {British Medical Journal Publishing Group},
}

@Article{araujo2016understanding,
  author    = {Araujo, Artur and Julious, Steven and Senn, Stephen},
  title     = {Understanding variation in sets of N-of-1 trials},
  journal   = {PLoS One},
  year      = {2016},
  volume    = {11},
  number    = {12},
  pages     = {e0167167},
  publisher = {Public Library of Science},
}

@Electronic{vink2019,
  author  = {Gerko Vink and Stef van Buuren},
  month   = dec,
  title   = {Hybrid imputation},
  url     = {https://www.gerkovink.com/London2019/},
  year    = {2019},
  urldate = {22.01.2020},
}

@Article{moriarity2003note,
  author    = {Moriarity, Chris and Scheuren, Fritz},
  journal   = {Journal of Business \& Economic Statistics},
  title     = {A note on Rubin's statistical matching using file concatenation with adjusted weights and multiple imputations},
  year      = {2003},
  number    = {1},
  pages     = {65--73},
  volume    = {21},
  publisher = {Taylor \& Francis},
}

@Article{goodnight1979tutorial,
  author    = {Goodnight, James H},
  journal   = {The American Statistician},
  title     = {A tutorial on the SWEEP operator},
  year      = {1979},
  number    = {3},
  pages     = {149--158},
  volume    = {33},
  publisher = {Taylor \& Francis},
}

@Book{van2011targeted,
  title     = {Targeted learning: causal inference for observational and experimental data},
  publisher = {Springer Science \& Business Media},
  year      = {2011},
  author    = {Van der Laan, Mark J and Rose, Sherri},
}

@Article{gruber2011tmle,
  author    = {Gruber, Susan and Van der Laan, Mark J},
  title     = {tmle: An R package for targeted maximum likelihood estimation},
  year      = {2011},
  publisher = {bepress},
}

@Article{hammer1996trial,
  author    = {Hammer, Scott M and Katzenstein, David A and Hughes, Michael D and Gundacker, Holly and Schooley, Robert T and Haubrich, Richard H and Henry, W Keith and Lederman, Michael M and Phair, John P and Niu, Manette and others},
  journal   = {New England Journal of Medicine},
  title     = {A trial comparing nucleoside monotherapy with combination therapy in HIV-infected adults with CD4 cell counts from 200 to 500 per cubic millimeter},
  year      = {1996},
  number    = {15},
  pages     = {1081--1090},
  volume    = {335},
  publisher = {Mass Medical Soc},
}

@Article{hughes2014joint,
  author    = {Hughes, Rachael A and White, Ian R and Seaman, Shaun R and Carpenter, James R and Tilling, Kate and Sterne, Jonathan AC},
  journal   = {BMC medical research methodology},
  title     = {Joint modelling rationale for chained equations},
  year      = {2014},
  number    = {1},
  pages     = {28},
  volume    = {14},
  publisher = {Springer},
}

@Article{liu2014stationary,
  author    = {Liu, Jingchen and Gelman, Andrew and Hill, Jennifer and Su, Yu-Sung and Kropko, Jonathan},
  journal   = {Biometrika},
  title     = {On the stationary distribution of iterative imputations},
  year      = {2014},
  number    = {1},
  pages     = {155--173},
  volume    = {101},
  publisher = {Oxford University Press},
}

@Article{zhu2015convergence,
  author    = {Zhu, Jian and Raghunathan, Trivellore E},
  journal   = {Journal of the American Statistical Association},
  title     = {Convergence properties of a sequential regression multiple imputation algorithm},
  year      = {2015},
  number    = {511},
  pages     = {1112--1124},
  volume    = {110},
  publisher = {Taylor \& Francis},
}

@Article{arnold1989compatible,
  author    = {Arnold, Barry C and Press, S James},
  journal   = {Journal of the American Statistical Association},
  title     = {Compatible conditional distributions},
  year      = {1989},
  number    = {405},
  pages     = {152--156},
  volume    = {84},
  publisher = {Taylor \& Francis},
}
@Article{arnold2004compatibility,
  author    = {Arnold, Barry C and Castillo, Enrique and Sarabia, Jos{\'e} Mar{\i}́a},
  journal   = {Journal of statistical planning and inference},
  title     = {Compatibility of partial or complete conditional probability specifications},
  year      = {2004},
  number    = {1},
  pages     = {133--159},
  volume    = {123},
  publisher = {Elsevier},
}
@article{heckerman2000dependency,
  title={Dependency networks for inference, collaborative filtering, and data visualization},
  author={Heckerman, David and Chickering, David Maxwell and Meek, Christopher and Rounthwaite, Robert and Kadie, Carl},
  journal={Journal of Machine Learning Research},
  volume={1},
  number={Oct},
  pages={49--75},
  year={2000}
}

@Article{van2006fully,
  author    = {Van Buuren, Stef and Brand, Jaap PL and Groothuis-Oudshoorn, Catharina GM and Rubin, Donald B},
  journal   = {Journal of statistical computation and simulation},
  title     = {Fully conditional specification in multivariate imputation},
  year      = {2006},
  number    = {12},
  pages     = {1049--1064},
  volume    = {76},
  publisher = {Taylor \& Francis},
}

@Article{raghunathan2001multivariate,
  author  = {Raghunathan, Trivellore E and Lepkowski, James M and Van Hoewyk, John and Solenberger, Peter and others},
  journal = {Survey methodology},
  title   = {A multivariate technique for multiply imputing missing values using a sequence of regression models},
  year    = {2001},
  number  = {1},
  pages   = {85--96},
  volume  = {27},
}

@Article{Eation2007,
  author    = {Morris L. Eaton},
  journal   = {Lecture Notes-Monograph Series},
  title     = {Multivariate Statistics: A Vector Space Approach},
  year      = {2007},
  issn      = {07492170},
  pages     = {i--512},
  volume    = {53},
  publisher = {Institute of Mathematical Statistics},
  url       = {http://www.jstor.org/stable/20461449},
}

@Misc{Goodrich2019,
  author = {Ben Goodrich and Jonah Gabry and Imad Ali and Sam Brilleman},
  note   = {R package version 2.19.2},
  title  = {rstanarm: {Bayesian} applied regression modeling via {Stan}.},
  year   = {2019},
  url    = {https://mc-stan.org/rstanarm},
}

@Book{albert2009bayesian,
  author    = {Albert, Jim},
  publisher = {Springer},
  title     = {Bayesian computation with R},
  year      = {2009},
}

@Article{Vink2015,
  author  = {Vink, Gerko and Lazendic, Goran and van Buuren, Stef},
  journal = {Psychological Test and Assessment Modeling},
  title   = {Partioned predictive mean matching as a large data multilevel imputation technique.},
  year    = {2015},
  number  = {4},
  pages   = {577--594},
  volume  = {57},
}

@Manual{smcfcs2021,
  title  = {smcfcs: Multiple Imputation of Covariates by Substantive Model Compatible Fully Conditional Specification},
  author = {Jonathan Bartlett and Ruth Keogh and Edouard F. Bonneville},
  note   = {R package version 1.6.0},
  year   = {2021},
  url    = {https://CRAN.R-project.org/package=smcfcs},
}

@Comment{jabref-meta: databaseType:bibtex;}
